<marcxml:record xmlns:xlink="http://www.w3.org/1999/xlink" xmlns:marcxml="http://www.loc.gov/MARC21/slim" xmlns:mets="http://www.loc.gov/METS/" xmlns:mxe="http://www.loc.gov/mxe" xmlns:rdf="http://www.w3.org/1999/02/22-rdf-syntax-ns#" xmlns:rdfs="http://www.w3.org/2000/01/rdf-schema#" xmlns:skos="http://www.w3.org/2004/02/skos/core#" xmlns:madsrdf="http://www.loc.gov/mads/rdf/v1#" xmlns:ri="http://id.loc.gov/ontologies/RecordInfo#" xmlns:sem="http://marklogic.com/semantics">
  <marcxml:leader>01323cz  a2200361n  4500</marcxml:leader>
  <marcxml:controlfield tag="001">n79018143</marcxml:controlfield>
  <marcxml:controlfield tag="003">DLC</marcxml:controlfield>
  <marcxml:controlfield tag="005">20140508070203.0</marcxml:controlfield>
  <marcxml:controlfield tag="008">790319n| azannaabn          |a ana      </marcxml:controlfield>
  <marcxml:datafield tag="010" ind1=" " ind2=" ">
    <marcxml:subfield code="a">n  79018143 </marcxml:subfield>
    <marcxml:subfield code="z">n  85120945 </marcxml:subfield>
    <marcxml:subfield code="z">sh 85009117 </marcxml:subfield>
  </marcxml:datafield>
  <marcxml:datafield tag="034" ind1=" " ind2=" ">
    <marcxml:subfield code="d">E0234360</marcxml:subfield>
    <marcxml:subfield code="e">E0234360</marcxml:subfield>
    <marcxml:subfield code="f">N0375860</marcxml:subfield>
    <marcxml:subfield code="g">N0375860</marcxml:subfield>
    <marcxml:subfield code="2">geonames</marcxml:subfield>
  </marcxml:datafield>
  <marcxml:datafield tag="035" ind1=" " ind2=" ">
    <marcxml:subfield code="a">(OCoLC)oca00251998</marcxml:subfield>
  </marcxml:datafield>
  <marcxml:datafield tag="040" ind1=" " ind2=" ">
    <marcxml:subfield code="a">DLC</marcxml:subfield>
    <marcxml:subfield code="b">eng</marcxml:subfield>
    <marcxml:subfield code="e">rda</marcxml:subfield>
    <marcxml:subfield code="c">DLC</marcxml:subfield>
    <marcxml:subfield code="d">DLC</marcxml:subfield>
    <marcxml:subfield code="d">NIC</marcxml:subfield>
    <marcxml:subfield code="d">DLC-S</marcxml:subfield>
    <marcxml:subfield code="d">WaU</marcxml:subfield>
    <marcxml:subfield code="d">OCoLC</marcxml:subfield>
    <marcxml:subfield code="d">DLC</marcxml:subfield>
    <marcxml:subfield code="d">UPB</marcxml:subfield>
    <marcxml:subfield code="d">DLC</marcxml:subfield>
    <marcxml:subfield code="d">WaU</marcxml:subfield>
  </marcxml:datafield>
  <marcxml:datafield tag="043" ind1=" " ind2=" ">
    <marcxml:subfield code="a">e-gr---</marcxml:subfield>
  </marcxml:datafield>
  <marcxml:datafield tag="151" ind1=" " ind2=" ">
    <marcxml:subfield code="a">Athens (Greece)</marcxml:subfield>
  </marcxml:datafield>
  <marcxml:datafield tag="368" ind1=" " ind2=" ">
    <marcxml:subfield code="b">Cities and towns</marcxml:subfield>
    <marcxml:subfield code="2">lcsh</marcxml:subfield>
  </marcxml:datafield>
  <marcxml:datafield tag="370" ind1=" " ind2=" ">
    <marcxml:subfield code="c">Greece</marcxml:subfield>
  </marcxml:datafield>
  <marcxml:datafield tag="451" ind1=" " ind2=" ">
    <marcxml:subfield code="a">Aḟiny (Greece)</marcxml:subfield>
  </marcxml:datafield>
  <marcxml:datafield tag="451" ind1=" " ind2=" ">
    <marcxml:subfield code="a">Atene (Greece)</marcxml:subfield>
  </marcxml:datafield>
  <marcxml:datafield tag="451" ind1=" " ind2=" ">
    <marcxml:subfield code="a">Atʻēnkʻ (Greece)</marcxml:subfield>
  </marcxml:datafield>
  <marcxml:datafield tag="451" ind1=" " ind2=" ">
    <marcxml:subfield code="a">Ateny (Greece)</marcxml:subfield>
  </marcxml:datafield>
  <marcxml:datafield tag="451" ind1=" " ind2=" ">
    <marcxml:subfield code="a">Athen (Greece)</marcxml:subfield>
  </marcxml:datafield>
  <marcxml:datafield tag="451" ind1=" " ind2=" ">
    <marcxml:subfield code="a">Athēna (Greece)</marcxml:subfield>
  </marcxml:datafield>
  <marcxml:datafield tag="451" ind1=" " ind2=" ">
    <marcxml:subfield code="a">Athēnai (Greece)</marcxml:subfield>
  </marcxml:datafield>
  <marcxml:datafield tag="451" ind1=" " ind2=" ">
    <marcxml:subfield code="a">Athènes (Greece)</marcxml:subfield>
  </marcxml:datafield>
  <marcxml:datafield tag="451" ind1=" " ind2=" ">
    <marcxml:subfield code="a">Athinai (Greece)</marcxml:subfield>
  </marcxml:datafield>
  <marcxml:datafield tag="451" ind1=" " ind2=" ">
    <marcxml:subfield code="a">Athīnā (Greece)</marcxml:subfield>
  </marcxml:datafield>
  <marcxml:datafield tag="667" ind1=" " ind2=" ">
    <marcxml:subfield code="a">Heading includes ancient city and state</marcxml:subfield>
  </marcxml:datafield>
  <marcxml:datafield tag="670" ind1=" " ind2=" ">
    <marcxml:subfield code="a">Kang, T.S. Atʻene esŏ sŏul kkaji, 1985:</marcxml:subfield>
    <marcxml:subfield code="b">t.p. (Atʻene)</marcxml:subfield>
  </marcxml:datafield>
  <marcxml:datafield tag="670" ind1=" " ind2=" ">
    <marcxml:subfield code="a">To syntagma kai ta politika dikaiōmata tōn dēmosiōn hypallēlōn, 1993:</marcxml:subfield>
    <marcxml:subfield code="b">t.p. (Αθήνα = Athēna)</marcxml:subfield>
  </marcxml:datafield>
  <marcxml:datafield tag="670" ind1=" " ind2=" ">
    <marcxml:subfield code="a">GeoNames, algorithmically matched, 2009</marcxml:subfield>
    <marcxml:subfield code="b">(ppl; 37°58ʹ60ʺN 023°43ʹ60ʺE)</marcxml:subfield>
  </marcxml:datafield>
  <marcxml:datafield tag="670" ind1=" " ind2=" ">
    <marcxml:subfield code="a">Kotnik, Janko. Slovensko-angleški slovar, 1962:</marcxml:subfield>
    <marcxml:subfield code="b">page 752 (Atene: Athens)</marcxml:subfield>
  </marcxml:datafield>
  <marcxml:datafield tag="781" ind1=" " ind2="0">
    <marcxml:subfield code="z">Greece</marcxml:subfield>
    <marcxml:subfield code="z">Athens</marcxml:subfield>
  </marcxml:datafield>
</marcxml:record>
